<?xml version='1.0' encoding='utf-8'?>
<Document xmlns="urn:iso:std:iso:20022:tech:xsd:pain.001.001.03">
  <CstmrCdtTrfInitn>
    <GrpHdr>
      <MsgId>MSG-20250916181944-DE7784</MsgId>
      <CreDtTm>2025-09-16T18:19:44</CreDtTm>
      <NbOfTxs>2</NbOfTxs>
      <CtrlSum>55.52</CtrlSum>
      <InitgPty>
        <Nm>Your Company GmbH</Nm>
      </InitgPty>
    </GrpHdr>
    <PmtInf>
      <PmtInfId>MSG-20250916181944-DE7784-B1</PmtInfId>
      <PmtMtd>TRF</PmtMtd>
      <BtchBookg>true</BtchBookg>
      <NbOfTxs>2</NbOfTxs>
      <CtrlSum>55.52</CtrlSum>
      <PmtTpInf>
        <SvcLvl>
          <Cd>SEPA</Cd>
        </SvcLvl>
      </PmtTpInf>
      <ReqdExctnDt>2025-09-17</ReqdExctnDt>
      <Dbtr>
        <Nm>Your Company GmbH</Nm>
      </Dbtr>
      <DbtrAcct>
        <Id>
          <IBAN>DE02120300000000202051</IBAN>
        </Id>
      </DbtrAcct>
      <DbtrAgt>
        <FinInstnId>
          <BIC>BYLADEM1001</BIC>
        </FinInstnId>
      </DbtrAgt>
      <ChrgBr>SLEV</ChrgBr>
      <CdtTrfTxInf>
        <PmtId>
          <EndToEndId>INV-0001</EndToEndId>
        </PmtId>
        <Amt>
          <InstdAmt Ccy="EUR">42.15</InstdAmt>
        </Amt>
        <CdtrAgt>
          <FinInstnId>
            <BIC>SOLADEST</BIC>
          </FinInstnId>
        </CdtrAgt>
        <Cdtr>
          <Nm>Max Mustermann</Nm>
        </Cdtr>
        <CdtrAcct>
          <Id>
            <IBAN>DE44500105175407324931</IBAN>
          </Id>
        </CdtrAcct>
        <RmtInf>
          <Ustrd>Invoice 2024-0001</Ustrd>
        </RmtInf>
      </CdtTrfTxInf>
      <CdtTrfTxInf>
        <PmtId>
          <EndToEndId>E2E-20250916181944130762-438DB5</EndToEndId>
        </PmtId>
        <Amt>
          <InstdAmt Ccy="EUR">13.37</InstdAmt>
        </Amt>
        <CdtrAgt>
          <FinInstnId/>
        </CdtrAgt>
        <Cdtr>
          <Nm>Erika Musterfrau</Nm>
        </Cdtr>
        <CdtrAcct>
          <Id>
            <IBAN>DE12500105170648489890</IBAN>
          </Id>
        </CdtrAcct>
        <RmtInf>
          <Ustrd>Thanks for your help!</Ustrd>
        </RmtInf>
      </CdtTrfTxInf>
    </PmtInf>
  </CstmrCdtTrfInitn>
</Document>
